[gd_scene load_steps=8 format=2]

[ext_resource path="res://game/magic_chest.gd" type="Script" id=1]
[ext_resource path="res://magic_chest/magic_chest.png" type="Texture" id=2]

[sub_resource type="AtlasTexture" id=1]
flags = 4
atlas = ExtResource( 2 )
region = Rect2( 0, 0, 400, 400 )

[sub_resource type="AtlasTexture" id=2]
flags = 4
atlas = ExtResource( 2 )
region = Rect2( 400, 0, 400, 400 )

[sub_resource type="AtlasTexture" id=3]
flags = 4
atlas = ExtResource( 2 )
region = Rect2( 800, 0, 400, 400 )

[sub_resource type="SpriteFrames" id=4]
animations = [ {
"frames": [ SubResource( 1 ), SubResource( 2 ), SubResource( 3 ) ],
"loop": true,
"name": "default",
"speed": 10.0
} ]

[sub_resource type="RectangleShape2D" id=5]
extents = Vector2( 36.0809, 32.7541 )

[node name="MagicChest" type="RigidBody2D"]
position = Vector2( 395.221, 970.394 )
mass = 65535.0
script = ExtResource( 1 )

[node name="AnimatedSprite" type="AnimatedSprite" parent="."]
scale = Vector2( 0.3, 0.3 )
frames = SubResource( 4 )
frame = 1
playing = true

[node name="CollisionShape2D" type="CollisionShape2D" parent="."]
shape = SubResource( 5 )

[node name="Timer" type="Timer" parent="."]
wait_time = 7.0
autostart = true
[connection signal="timeout" from="Timer" to="." method="die"]
